<record><leader>00000cas a22000007a 4500</leader><controlfield tag="001">12929182</controlfield><controlfield tag="008">851218d18571860iauwr ne      0    0eng d</controlfield><datafield ind1=" " ind2=" " tag="010"><subfield code="a">sn 85049886 </subfield></datafield><datafield ind1=" " ind2=" " tag="040"><subfield code="a">INP</subfield><subfield code="b">eng</subfield><subfield code="c">INP</subfield><subfield code="d">NPH</subfield><subfield code="d">INP</subfield><subfield code="d">OCLCQ</subfield></datafield><datafield ind1=" " ind2=" " tag="042"><subfield code="a">msc</subfield></datafield><datafield ind1="0" ind2=" " tag="130"><subfield code="a">Iowa state journal (Des Moines, Iowa : 1857)</subfield></datafield><datafield ind1="1" ind2="4" tag="245"><subfield code="a">The Iowa state journal.</subfield></datafield><datafield ind1=" " ind2=" " tag="260"><subfield code="a">Des Moines [Iowa] :</subfield><subfield code="b">Porter &amp; Hedge,</subfield><subfield code="c">-1860.</subfield></datafield><datafield ind1=" " ind2=" " tag="300"><subfield code="a">v. ;</subfield><subfield code="c">58-69 cm.</subfield></datafield><datafield ind1=" " ind2=" " tag="310"><subfield code="a">Weekly</subfield></datafield><datafield ind1="1" ind2=" " tag="362"><subfield code="a">Began Feb. 14, 1857.</subfield></datafield><datafield ind1="0" ind2=" " tag="362"><subfield code="a">-v. 4, no. 15 (May 19, 1860).</subfield></datafield><datafield ind1=" " ind2=" " tag="500"><subfield code="a">Publishers: Porter &amp; Hedge, &lt;May 30&gt;-Nov. 7, 1857; Wm. Porter, Nov. 14, 1857-&lt;Dec. 17, 1859&gt;; Stilson Hutchins, &lt;Jan. 28-Feb. 4, 1860&gt;.</subfield></datafield><datafield ind1=" " ind2=" " tag="500"><subfield code="a">"A Democratic newspaper."</subfield></datafield><datafield ind1=" " ind2=" " tag="500"><subfield code="a">Editors: Wm. Porter, &lt;May 30, 1857-Dec. 17, 1859&gt;; Stilson Hutchins, &lt;Jan. 28-Feb. 4, 1860&gt;.</subfield></datafield><datafield ind1=" " ind2=" " tag="588"><subfield code="a">Description based on: Vol. 1, no. 2 (Feb. 21, 1857).</subfield></datafield><datafield ind1=" " ind2=" " tag="752"><subfield code="a">United States</subfield><subfield code="b">Iowa</subfield><subfield code="c">Polk</subfield><subfield code="d">Des Moines.</subfield></datafield><datafield ind1="0" ind2=" " tag="775"><subfield code="t">Tri-weekly Iowa state journal</subfield><subfield code="w">(DLC)sn 85049885</subfield><subfield code="g">Jan. 13-Mar. 22, 1858</subfield></datafield><datafield ind1="0" ind2=" " tag="775"><subfield code="t">Daily Iowa state journal</subfield><subfield code="w">(DLC)sn 85049809</subfield></datafield><datafield ind1="0" ind2="0" tag="780"><subfield code="t">Iowa statesman (Fort Des Moines, Iowa)</subfield><subfield code="w">(DLC)sn 87057396</subfield></datafield><datafield ind1="0" ind2="5" tag="780"><subfield code="t">Weekly Iowa statesman</subfield><subfield code="w">(DLC)sn 87057998</subfield></datafield><datafield ind1="0" ind2="0" tag="785"><subfield code="t">State journal (Des Moines, Iowa : 1860)</subfield><subfield code="w">(DLC)sn 87057127</subfield></datafield><datafield ind1="1" ind2=" " tag="029"><subfield code="a">AU@</subfield><subfield code="b">000023533043</subfield></datafield></record>